@misc{Bootstrap,
    author    = "Mark Otto, J. T. (n.d.).",
    title     = "Introduction. · Bootstrap.",
    url       = "https://getbootstrap.com/docs/4.1/getting-started/introduction/"
}

@misc{flask-tutorial,
    author    = "GfG 2023,
    title     = "Flask Tutorial, GeeksforGeeks",
    url       = "https://www.geeksforgeeks.org/flask-tutorial"
}

@misc{Workbench,
    author    = "NA",
    title     = "MySQL Workbench. MySQL. (n.d.).",
    url       = "https://dev.mysql.com/doc/workbench/en/"
}


@misc{palletsprojects,
    author    = "NA",
    title     = "Welcome to flask¶. Welcome to Flask - Flask Documentation (3.0.x). (n.d.-a).",
    url       = "https://flask.palletsprojects.com/en/3.0.x/"
}
